
@online{snmp,
  title  = "SNMP Protocol",
  
  url    = "http://www.snmp.com/protocol/"
}

@article{monitoring,
  author="Jawwad Shamsi and Monica Brocmeyer",
  title="PRINCIPLES OF NETWORK MONITORING",
  url="http://citeseerx.ist.psu.edu/viewdoc/download?doi=10.1.1.149.7296&rep=rep1&type=pdf"
}
@online{pnp4nagiosNaemon,
	title="PNP4Nagios en Naemon (Thruk)",
	url="https://www.naemon.org/documentation/usersguide/addon-pnp-quickstart.html"}

@online{pandora,
	title  = "Pandora FMS",
	
	url    = "http://pandorafms.org/es/"
}
@online{thruk,
	title  = "Thruk",
	
	url    = "https://www.thruk.org/index.html"
}
@online{zabbix,
	title  = "Zabbix",
	
	url    = "https://www.zabbix.com/"
}

@online{cacti,
	title  = "Cacti",
	
	url    = "https://www.cacti.net/"
}
@online{nagios,
	title  = "Nagios",
	
	url    = "https://www.nagios.org/"
}
@online{naemon,
	title  = "Naemon",
	
	url    = "http://www.naemon.org/"
}

@online{comparativa,
	title = "Comparativa herramientas",

	url = "https://en.wikipedia.org/wiki/Comparison_of_network_monitoring_systems"
}
@online{docker,
	title = "Contenedores docker",
	
	url = "https://www.docker.com/"
}

@online{locust,
	title = "Load Testing Framework",
	
	url = "https://locust.io/"
}
@online{locustfile,
	title = "Writing a Locustfile",
	
	url = "https://docs.locust.io/en/stable/writing-a-locustfile.html"
}
@online{NaemonPlugins,
url = "https://www.naemon.org/documentation/usersguide/plugins.html"}
@online{test,
	title = "Performing Test",
	
	url = "https://docs.microsoft.com/en-us/previous-versions/msp-n-p/bb924375(v=pandp.10)"
}
@online{openshift,
url = "https://www.openshift.com/"}

@online{lxc,
url = "https://linuxcontainers.org/"}

@online{rkt,
url = "https://coreos.com/rkt/docs/latest/"}

@article{performingtest,
	author="Ian Molyneaux",
	title="The Art of Application Performance Testing",
	url="http://shop.oreilly.com/product/9780596520670.do"
}
@online{pruebas,
url = "https://docs.microsoft.com/en-us/previous-versions/msp-n-p/bb924356%28v%3dpandp.10%29#performance-load-and-stress-testing"}
@online{polling,
	url = "https://mum.mikrotik.com/presentations/BO14/freddy.pdf"
}
@online{traaps,
	url = "https://mum.mikrotik.com/presentations/BO14/freddy.pdf"
}
@online{xmpp,
 url = "https://xmpp.org/about/"}

@online{ssl,
url = "https://www.ibm.com/support/knowledgecenter/en/SSYKE2_7.1.0/com.ibm.java.security.component.71.doc/security-component/jsse2Docs/ssloverview.html"}

@online{jmeter, 
	url="https://jmeter.apache.org/"
}

@online{ssh,
url = "https://www.ssh.com/ssh/protocol/"}

@online{cgi,
url = "https://diego.com.es/concepto-y-funcionamiento-de-cgi"}
@online{naemoncfg,
url = "https://www.naemon.org/documentation/usersguide/configmain.html"}
@article{modelado,
title = "Evaluación y modelado del rendimiento de los sistemas informáticos",
author = "Xavier Molero Prieto"}
@online{pnp4nagios,
	url = "https://docs.pnp4nagios.org/start"}

@online{exportcsv,
url="https://report.cs.rutgers.edu/pnp4nagios/docs/view/en_US/xport"}

@online{gatling,
url = "https://gatling.io/"}

@online{livestatus,
url = "https://www.naemon.org/documentation/usersguide/livestatus.html"}

@online{SysVinit,
url ="https://wiki.archlinux.org/index.php/SysVinit_(Espa%C3%B1ol)"
}
@online{YML,
	url = "https://yaml.org/"
}
@online{config,
	url = "https://www.naemon.org/documentation/usersguide/config.html"
}
@online{dockerCE,
url = "https://docs.docker.com/engine/"}

@online{comparativeGatling,
url= "https://www.educba.com/jmeter-vs-gatling/"}